<?xml version="1.0" encoding="UTF-8"?><record xmlns="http://www.loc.gov/MARC21/slim" xmlns:cinclude="http://apache.org/cocoon/include/1.0" xmlns:zs="http://www.loc.gov/zing/srw/">
  <leader>00505cz  a2200157n  4500</leader>
  <controlfield tag="001">no2009136486</controlfield>
  <controlfield tag="003">DLC</controlfield>
  <controlfield tag="005">20110302075215.0</controlfield>
  <controlfield tag="008">090828n| acannaabn          |n aaa     c</controlfield>
  <datafield tag="010" ind1=" " ind2=" ">
    <subfield code="a">no2009136486</subfield>
  </datafield>
  <datafield tag="035" ind1=" " ind2=" ">
    <subfield code="a">(OCoLC)oca08222326</subfield>
  </datafield>
  <datafield tag="040" ind1=" " ind2=" ">
    <subfield code="a">PPiU</subfield>
    <subfield code="b">eng</subfield>
    <subfield code="c">PPiU</subfield>
    <subfield code="d">CSt</subfield>
  </datafield>
  <datafield tag="046" ind1=" " ind2=" ">
    <subfield code="f">19470624</subfield>
  </datafield>
  <datafield tag="100" ind1="1" ind2=" ">
    <subfield code="a">Fellisch, Manfred Artur</subfield>
  </datafield>
  <datafield tag="670" ind1=" " ind2=" ">
    <subfield code="a">Wittig, W. Stille, 2008:</subfield>
    <subfield code="b">colophon (Manfred Artur Fellisch)</subfield>
  </datafield>
  <datafield tag="670" ind1=" " ind2=" ">
    <subfield code="a">Vom Rinnsal zum Strom, 2010, 2010:</subfield>
    <subfield code="b">p. 92 (Manfred Artur Fellisch; b. June 24, 1947 in Dresden)</subfield>
  </datafield>
</record>